<record><leader>00000cas a2200000 a 4500</leader><controlfield tag="001">12952595</controlfield><controlfield tag="008">851223d18991928ksuwr ne      0    0eng d</controlfield><datafield ind1=" " ind2=" " tag="010"><subfield code="a">sn 85067277 </subfield></datafield><datafield ind1=" " ind2=" " tag="040"><subfield code="a">KSH</subfield><subfield code="b">eng</subfield><subfield code="c">KSH</subfield><subfield code="d">NPT</subfield><subfield code="d">OCL</subfield><subfield code="d">OCLCQ</subfield></datafield><datafield ind1=" " ind2=" " tag="042"><subfield code="a">msc</subfield></datafield><datafield ind1="0" ind2=" " tag="130"><subfield code="a">Woodson County advocate (Yates Center, Kan. : 1899)</subfield></datafield><datafield ind1="1" ind2="0" tag="245"><subfield code="a">Woodson County advocate.</subfield></datafield><datafield ind1=" " ind2=" " tag="260"><subfield code="a">Yates Center, Kan. :</subfield><subfield code="b">Hudson &amp; Kinyon,</subfield><subfield code="c">1899-1928.</subfield></datafield><datafield ind1=" " ind2=" " tag="300"><subfield code="a">29 v. :</subfield><subfield code="b">ill. ;</subfield><subfield code="c">56 cm.</subfield></datafield><datafield ind1=" " ind2=" " tag="310"><subfield code="a">Weekly,</subfield><subfield code="b">Dec. 25, 1903-Apr. 27, 1928</subfield></datafield><datafield ind1=" " ind2=" " tag="321"><subfield code="a">Weekly,</subfield><subfield code="b">Sept. 1, 1899-June 5, 1903</subfield></datafield><datafield ind1=" " ind2=" " tag="321"><subfield code="a">Semiweekly,</subfield><subfield code="b">June 12-Dec. 18, 1903</subfield></datafield><datafield ind1="0" ind2=" " tag="362"><subfield code="a">Vol. 10, no. 16 (Sept. 1, 1899)-v. 39, no. 5 (Apr. 27, 1928).</subfield></datafield><datafield ind1=" " ind2=" " tag="500"><subfield code="a">Publisher varies.</subfield></datafield><datafield ind1=" " ind2=" " tag="500"><subfield code="a">Democratic.</subfield></datafield><datafield ind1=" " ind2=" " tag="752"><subfield code="a">United States</subfield><subfield code="b">Kansas</subfield><subfield code="c">Woodson</subfield><subfield code="d">Yates Center.</subfield></datafield><datafield ind1="0" ind2="0" tag="780"><subfield code="t">Farmers advocate (Yates Center, Kan.)</subfield><subfield code="w">(DLC)sn 85067274</subfield></datafield><datafield ind1="0" ind2="7" tag="785"><subfield code="t">Yates Center news (Yates Center, Kan. : 1895)</subfield><subfield code="w">(DLC)sn 85067270</subfield></datafield><datafield ind1="0" ind2="7" tag="785"><subfield code="t">Yates Center news Woodson County advocate</subfield><subfield code="w">(DLC)sn 85067275</subfield></datafield><datafield ind1="1" ind2=" " tag="029"><subfield code="a">AU@</subfield><subfield code="b">000022171781</subfield></datafield></record>